[gd_scene load_steps=9 format=1]

[ext_resource path="res://Assets/background2.png" type="Texture" id=1]
[ext_resource path="res://Scripts/MainMenuButtons.gd" type="Script" id=2]
[ext_resource path="res://Assets/play.png" type="Texture" id=3]
[ext_resource path="res://Assets/help.png" type="Texture" id=4]
[ext_resource path="res://Scenes/NumberSelector.tscn" type="PackedScene" id=5]
[ext_resource path="res://Assets/exo2_64.fnt" type="BitmapFont" id=6]

[sub_resource type="Animation" id=1]

resource/name = "fade_in"
length = 0.5
loop = false
step = 0.1
tracks/0/type = "value"
tracks/0/path = NodePath(".:visibility/opacity")
tracks/0/interp = 1
tracks/0/imported = false
tracks/0/keys = {
"times": FloatArray( 0, 0.5 ),
"transitions": FloatArray( 1, 1 ),
"update": 0,
"values": [ 0.0, 1.0 ]
}

[sub_resource type="Animation" id=2]

length = 0.25
loop = false
step = 0.05
tracks/0/type = "method"
tracks/0/path = NodePath("Buttons")
tracks/0/interp = 1
tracks/0/imported = false
tracks/0/keys = {
"times": FloatArray( 0.25 ),
"transitions": FloatArray( 1 ),
"values": [ {
"args": [  ],
"method": "_select_next_screen"
} ]
}
tracks/1/type = "value"
tracks/1/path = NodePath(".:visibility/opacity")
tracks/1/interp = 1
tracks/1/imported = false
tracks/1/keys = {
"times": FloatArray( 0, 0.2 ),
"transitions": FloatArray( 1, 1 ),
"update": 0,
"values": [ 1.0, 0.0 ]
}

[node name="Main Menu" type="Node2D"]

[node name="Background" type="Sprite" parent="."]

transform/pos = Vector2( 180, 320 )
texture = ExtResource( 1 )

[node name="UI" type="Node2D" parent="."]

visibility/opacity = 0.0
transform/pos = Vector2( 0, -35 )

[node name="Buttons" type="Node2D" parent="UI"]

script/script = ExtResource( 2 )

[node name="play" type="TextureButton" parent="UI/Buttons"]

anchor/left = 3
anchor/top = 3
anchor/right = 3
anchor/bottom = 3
focus/ignore_mouse = false
focus/stop_mouse = true
size_flags/horizontal = 2
size_flags/vertical = 2
margin/left = -128.0
margin/top = -283.0
margin/right = -168.0
margin/bottom = -323.0
toggle_mode = false
enabled_focus_mode = 2
shortcut = null
textures/normal = ExtResource( 3 )
params/resize_mode = 1
params/stretch_mode = 0

[node name="help" type="TextureButton" parent="UI/Buttons"]

focus/ignore_mouse = false
focus/stop_mouse = true
size_flags/horizontal = 2
size_flags/vertical = 2
margin/left = 300.0
margin/top = 335.0
margin/right = 340.0
margin/bottom = 375.0
toggle_mode = false
enabled_focus_mode = 2
shortcut = null
textures/normal = ExtResource( 4 )
params/resize_mode = 1
params/stretch_mode = 0

[node name="NumberSelector" parent="UI/Buttons" instance=ExtResource( 5 )]

transform/pos = Vector2( 180, 380 )
transform/scale = Vector2( 1.0625, 1 )

[node name="AnimationPlayer" type="AnimationPlayer" parent="UI"]

playback/process_mode = 1
playback/default_blend_time = 0.0
root/root = NodePath("..")
anims/fade_in = SubResource( 1 )
anims/fade_out = SubResource( 2 )
playback/active = true
playback/speed = 1.0
blend_times = [  ]
autoplay = ""

[node name="Title" type="Node2D" parent="UI"]

[node name="VibitOrange" type="Label" parent="UI/Title"]

anchor/left = 3
anchor/top = 3
anchor/right = 3
anchor/bottom = 3
rect/rotation = 180.0
focus/ignore_mouse = true
focus/stop_mouse = true
size_flags/horizontal = 2
size_flags/vertical = 0
margin/left = -219.0
margin/top = -208.0
margin/right = -350.0
margin/bottom = -273.0
custom_fonts/font = ExtResource( 6 )
custom_colors/font_color = Color( 0, 0, 0, 1 )
text = "Vibit"
align = 1
valign = 1
percent_visible = 1.0
lines_skipped = 0
max_lines_visible = -1

[node name="VibitYellow" type="Label" parent="UI/Title"]

anchor/left = 3
anchor/top = 3
anchor/right = 3
anchor/bottom = 3
focus/ignore_mouse = true
focus/stop_mouse = true
size_flags/horizontal = 2
size_flags/vertical = 0
margin/left = -88.0
margin/top = -443.0
margin/right = -219.0
margin/bottom = -508.0
custom_fonts/font = ExtResource( 6 )
custom_colors/font_color = Color( 0, 0, 0, 1 )
text = "Vibit"
align = 1
valign = 1
percent_visible = 1.0
lines_skipped = 0
max_lines_visible = -1

[connection signal="pressed" from="UI/Buttons/play" to="UI/Buttons" method="_on_play_pressed"]

[connection signal="pressed" from="UI/Buttons/help" to="UI/Buttons" method="_on_help_pressed"]


[editable path="UI/Buttons/NumberSelector"]
